<record><leader>00000cas a2200000 a 4500</leader><controlfield tag="001">11490053</controlfield><controlfield tag="008">841213d19211933ksuwr ne      0   a0eng d</controlfield><datafield ind1=" " ind2=" " tag="010"><subfield code="a">sn 84030123 </subfield></datafield><datafield ind1=" " ind2=" " tag="040"><subfield code="a">KSH</subfield><subfield code="b">eng</subfield><subfield code="c">KSH</subfield><subfield code="d">NPT</subfield><subfield code="d">OCL</subfield><subfield code="d">OCLCQ</subfield></datafield><datafield ind1=" " ind2=" " tag="042"><subfield code="a">msc</subfield></datafield><datafield ind1="0" ind2="0" tag="245"><subfield code="a">Syracuse journal and republican-news.</subfield></datafield><datafield ind1=" " ind2=" " tag="260"><subfield code="a">Syracuse, Kan. :</subfield><subfield code="b">Frank James,</subfield><subfield code="c">1921-1933.</subfield></datafield><datafield ind1=" " ind2=" " tag="300"><subfield code="a">12 v. :</subfield><subfield code="b">ill. ;</subfield><subfield code="c">55 cm.</subfield></datafield><datafield ind1=" " ind2=" " tag="310"><subfield code="a">Weekly</subfield></datafield><datafield ind1="0" ind2=" " tag="362"><subfield code="a">Vol. 367, no. 51 (June 3, 1921)-v. 47, no. 42 (Jan. 27, 1933).</subfield></datafield><datafield ind1=" " ind2=" " tag="500"><subfield code="a">Independent.</subfield></datafield><datafield ind1=" " ind2=" " tag="515"><subfield code="a">Numbering is irregular.</subfield></datafield><datafield ind1=" " ind2=" " tag="752"><subfield code="a">United States</subfield><subfield code="b">Kansas</subfield><subfield code="c">Hamilton</subfield><subfield code="d">Syracuse.</subfield></datafield><datafield ind1="0" ind2="4" tag="780"><subfield code="t">Syracuse journal (Syracuse, Kan. : 1885)</subfield><subfield code="w">(DLC)sn 84030116</subfield></datafield><datafield ind1="0" ind2="4" tag="780"><subfield code="t">Republican-news</subfield><subfield code="w">(DLC)sn 84030125</subfield></datafield><datafield ind1="0" ind2="0" tag="785"><subfield code="t">Syracuse journal (Syracuse, Kan. : 1933)</subfield><subfield code="w">(DLC)sn 84030374</subfield></datafield></record>